<?xml version="1.0" encoding="UTF-8"?><collection xmlns="http://www.loc.gov/MARC21/slim"><record><leader>00563nam--2200145-i-4500</leader><controlfield tag="001">000012832</controlfield><controlfield tag="002">20161230</controlfield><controlfield tag="005">20161230201030</controlfield><controlfield tag="008">060222s1000------------r-----000-0-eng-d</controlfield><datafield ind1=" " ind2=" " tag="080"><subfield code="a">514.123(O43)</subfield></datafield><datafield ind1=" " ind2=" " tag="100"><subfield code="a">Bazier, Pierre</subfield></datafield><datafield ind1=" " ind2=" " tag="245"><subfield code="a">Essai de definition numerique des cour et des surfaces experimentales.contribution a l etude des proprietes des courbes et des surfaces pa rametriques polynomiales a coefficients vectoriels.these</subfield></datafield><datafield ind1=" " ind2=" " tag="260"><subfield code="a">Paris,Universite Pierre Et Marie Curie, 1977 11 P</subfield></datafield><datafield ind1=" " ind2=" " tag="852"><subfield code="a">46457</subfield><subfield code="c">512.94:512.972</subfield></datafield><datafield ind1=" " ind2=" " tag="CAT"><subfield code="a">Sys</subfield><subfield code="c">20080526</subfield><subfield code="h">122852</subfield></datafield></record></collection>